<record><leader>00000cas a22000007a 4500</leader><controlfield tag="001">9545896</controlfield><controlfield tag="008">830525d18571860mauwr ne      0    0eng d</controlfield><controlfield tag="009">3768</controlfield><datafield ind1=" " ind2=" " tag="010"><subfield code="a">sn 83020787 </subfield></datafield><datafield ind1=" " ind2=" " tag="040"><subfield code="a">NPX</subfield><subfield code="b">eng</subfield><subfield code="c">NPX</subfield><subfield code="d">MGN</subfield><subfield code="d">KRTAS</subfield></datafield><datafield ind1=" " ind2=" " tag="042"><subfield code="a">msc</subfield></datafield><datafield ind1=" " ind2=" " tag="043"><subfield code="a">n-us-ma</subfield></datafield><datafield ind1="0" ind2=" " tag="130"><subfield code="a">American Republican (Taunton, Mass.)</subfield></datafield><datafield ind1="0" ind2="0" tag="245"><subfield code="a">American Republican.</subfield></datafield><datafield ind1=" " ind2=" " tag="260"><subfield code="a">Taunton, Mass. :</subfield><subfield code="b">J.W.D. Hall,</subfield></datafield><datafield ind1=" " ind2=" " tag="300"><subfield code="a">v. ;</subfield><subfield code="c">63 cm.</subfield></datafield><datafield ind1=" " ind2=" " tag="310"><subfield code="a">Weekly</subfield></datafield><datafield ind1="0" ind2=" " tag="362"><subfield code="a">Vol. 35, no. 1 (Jan. 1, 1857)-v. 38, no. 35 (Aug. 30, 1860)</subfield></datafield><datafield ind1=" " ind2=" " tag="752"><subfield code="a">United States</subfield><subfield code="b">Massachusetts</subfield><subfield code="c">Bristol</subfield><subfield code="d">Taunton.</subfield></datafield><datafield ind1="0" ind2="0" tag="780"><subfield code="t">American Whig (Taunton, Mass.)</subfield><subfield code="w">(DLC)sn 83020786</subfield></datafield><datafield ind1="0" ind2="7" tag="785"><subfield code="t">Bristol County telegram</subfield><subfield code="w">(DLC)sn 83020788</subfield></datafield><datafield ind1="0" ind2="7" tag="785"><subfield code="t">Bristol County Republican</subfield><subfield code="w">(DLC)sn 83020789</subfield></datafield><datafield ind1=" " ind2=" " tag="938"><subfield code="a">Kirtas Technologies, Inc.</subfield><subfield code="b">KRTS</subfield><subfield code="n">736754</subfield></datafield></record>